@misc{cpmd-web,
    title = {{CPMD} Home Page},
    howpublished = {http://www.cpmd.org/}
}

@misc{cpmd-web,
	title = {{Theta} ALCF Home Page},
	howpublished = {https://www.alcf.anl.gov/theta}
}

@article{Davis:2011:UFS:2049662.2049663,
	author = {Davis, Timothy A. and Hu, Yifan},
	title = {The University of Florida Sparse Matrix Collection},
	journal = {ACM Trans. Math. Softw.},
	issue_date = {November 2011},
	volume = {38},
	number = {1},
	month = dec,
	year = {2011},
	issn = {0098-3500},
	pages = {1:1--1:25},
	articleno = {1},
	numpages = {25},
	url = {http://doi.acm.org/10.1145/2049662.2049663},
	doi = {10.1145/2049662.2049663},
	acmid = {2049663},
	publisher = {ACM},
	address = {New York, NY, USA},
	keywords = {Graph drawing, multilevel algorithms, performance evaluation, sparse matrices},
} 


@INPROCEEDINGS{1592872, 
	author={J. C. {Phillips} and and S. {Kumar} and L. V. {Kale}}, 
	booktitle={SC '02: Proceedings of the 2002 ACM/IEEE Conference on Supercomputing}, 
	title={NAMD: Biomolecular Simulation on Thousands of Processors}, 
	year={2002}, 
	volume={}, 
	number={}, 
	pages={36-36}, 
	keywords={Object oriented modeling;Computational modeling;Electrostatics;Force measurement;Scalability;Lipidomics;Equations;Solvents;Computer simulation;Production systems}, 
	doi={10.1109/SC.2002.10019}, 
	ISSN={1063-9535}, 
	month={Nov},}


@INPROCEEDINGS{4536141, 
	author={R. {Kumar} and A. {Mamidala} and D. K. {Panda}}, 
	booktitle={2008 IEEE International Symposium on Parallel and Distributed Processing}, 
	title={Scaling alltoall collective on multi-core systems}, 
	year={2008}, 
	volume={}, 
	number={}, 
	pages={1-8}, 
	keywords={computer architecture;message passing;parallel processing;shared memory systems;alltoall collective scaling;multicore systems;MPI_Alltoall;communication intense collective operation;parallel applications;supercomputing;application scaling;InfiniBand architecture;network protocol stack;network utilization;offload interface aggregation;shared memory aggregation technique;Multicore processing;Delay;Network interfaces;Protocols;Sun;Computer science;Application software;Context;Surges;US Department of Energy}, 
	doi={10.1109/IPDPS.2008.4536141}, 
	ISSN={1530-2075}, 
	month={April},}

@ARTICLE{642949, 
	author={J. {Bruck} and and S. {Kipnis} and E. {Upfal} and D. {Weathersby}}, 
	journal={IEEE Transactions on Parallel and Distributed Systems}, 
	title={Efficient algorithms for all-to-all communications in multiport message-passing systems}, 
	year={1997}, 
	volume={8}, 
	number={11}, 
	pages={1143-1156}, 
	keywords={message passing;parallel algorithms;communication complexity;all-to-all communications;multiport;message-passing systems;complexity measures;communication bandwidth;communication start-up;point-to-point communication;sender-receiver pair;index;concatenation;Broadcasting;Application software;Time measurement;Algorithm design and analysis;Concurrent computing;Particle measurements;Topology;Bandwidth;Scattering;Parallel programming}, 
	doi={10.1109/71.642949}, 
	ISSN={1045-9219}, 
	month={Nov},}

@article{Thakur:2005:OCC:2747766.2747771,
	author = {Thakur, Rajeev and Rabenseifner, Rolf and Gropp, William},
	title = {Optimization of Collective Communication Operations in MPICH},
	journal = {Int. J. High Perform. Comput. Appl.},
	issue_date = {February  2005},
	volume = {19},
	number = {1},
	month = feb,
	year = {2005},
	issn = {1094-3420},
	pages = {49--66},
	numpages = {18},
	url = {http://dx.doi.org/10.1177/1094342005051521},
	doi = {10.1177/1094342005051521},
	acmid = {2747771},
	publisher = {Sage Publications, Inc.},
	address = {Thousand Oaks, CA, USA},
	keywords = {Collective communication, MPI, message passing, reduction},
}

@inproceedings{Wu:2014:RFE:2581122.2544166,
	author = {Wu, Haicheng and Diamos, Gregory and Sheard, Tim and Aref, Molham and Baxter, Sean and Garland, Michael and Yalamanchili, Sudhakar},
	title = {Red Fox: An Execution Environment for Relational Query Processing on GPUs},
	booktitle = {Proceedings of Annual IEEE/ACM International Symposium on Code Generation and Optimization},
	series = {CGO '14},
	year = {2014},
	isbn = {978-1-4503-2670-4},
	location = {Orlando, FL, USA},
	pages = {44:44--44:54},
	articleno = {44},
	numpages = {11},
	url = {http://doi.acm.org/10.1145/2581122.2544166},
	doi = {10.1145/2581122.2544166},
	acmid = {2544166},
	publisher = {ACM},
	address = {New York, NY, USA},
	keywords = {GPU, Relational Query Processing},
} 


@article{Martinez-Angeles:2016:RLG:2932241.2932244,
	author = {Mart\'{\i}nez-Angeles, Carlos Alberto and Wu, Haicheng and Dutra, In\^{e}s and Costa, V\'{\i}tor Santos and Buenabad-Ch\'{a}vez, Jorge},
	title = {Relational Learning with GPUs: Accelerating Rule Coverage},
	journal = {Int. J. Parallel Program.},
	issue_date = {June      2016},
	volume = {44},
	number = {3},
	month = jun,
	year = {2016},
	issn = {0885-7458},
	pages = {663--685},
	numpages = {23},
	url = {http://dx.doi.org/10.1007/s10766-015-0364-7},
	doi = {10.1007/s10766-015-0364-7},
	acmid = {2932244},
	publisher = {Kluwer Academic Publishers},
	address = {Norwell, MA, USA},
	keywords = {Datalog, GPUs, Inductive logic, Logic programming, Parallel computing, Relational databases, Relational learning},
} 

@inproceedings{Zinn:2016:GJA:2884045.2884054,
	author = {Zinn, Daniel and Wu, Haicheng and Wang, Jin and Aref, Molham and Yalamanchili, Sudhakar},
	title = {General-purpose Join Algorithms for Large Graph Triangle Listing on Heterogeneous Systems},
	booktitle = {Proceedings of the 9th Annual Workshop on General Purpose Processing Using Graphics Processing Unit},
	series = {GPGPU '16},
	year = {2016},
	isbn = {978-1-4503-4195-0},
	location = {Barcelona, Spain},
	pages = {12--21},
	numpages = {10},
	url = {http://doi.acm.org/10.1145/2884045.2884054},
	doi = {10.1145/2884045.2884054},
	acmid = {2884054},
	publisher = {ACM},
	address = {New York, NY, USA},
	keywords = {GPGPU, data partitioning, triangle listing},
} 

@article{Barthels:2017:DJA:3055540.3055545,
	author = {Barthels, Claude and M\"{u}ller, Ingo and Schneider, Timo and Alonso, Gustavo and Hoefler, Torsten},
	title = {Distributed Join Algorithms on Thousands of Cores},
	journal = {Proc. VLDB Endow.},
	issue_date = {January 2017},
	volume = {10},
	number = {5},
	month = jan,
	year = {2017},
	issn = {2150-8097},
	pages = {517--528},
	numpages = {12},
	url = {https://doi.org/10.14778/3055540.3055545},
	doi = {10.14778/3055540.3055545},
	acmid = {3055545},
	publisher = {VLDB Endowment},
} 

@inproceedings{Cheiney:1990:PST:94362.94445,
	author = {Cheiney, Jean-Pierre and de Maindreville, Christophe},
	title = {A Parallel Strategy for Transitive Closure Using Double Hash-based Clustering},
	booktitle = {Proceedings of the Sixteenth International Conference on Very Large Databases},
	year = {1990},
	isbn = {0-55860-149-X},
	location = {Brisbane, Australia},
	pages = {347--358},
	numpages = {12},
	url = {http://dl.acm.org/citation.cfm?id=94362.94445},
	acmid = {94445},
	publisher = {Morgan Kaufmann Publishers Inc.},
	address = {San Francisco, CA, USA},
}

@article{Valduriez:1988:PET:54616.54618,
	author = {Valduriez, Patrick and Khoshafian, Setrag},
	title = {Parallel Evaluation of the Transitive Closure of a Database Relation},
	journal = {Int. J. Parallel Program.},
	issue_date = {Feb. 1988},
	volume = {17},
	number = {1},
	month = feb,
	year = {1988},
	issn = {0885-7458},
	pages = {19--42},
	numpages = {24},
	url = {http://dx.doi.org/10.1007/BF01379321},
	doi = {10.1007/BF01379321},
	acmid = {54618},
	publisher = {Kluwer Academic Publishers},
	address = {Norwell, MA, USA},
}

@inproceedings{Cacace:1991:OPS:111828.111831,
	author = {Cacace, Filippo and Ceri, Stefano and Houstma, Maurice A. W.},
	title = {An Overview of Parallel Strategies for Transitive Closure on Algebraic Machines},
	booktitle = {Proceedings of the PRISMA Workshop on Parallel Database Systems},
	year = {1991},
	isbn = {0-387-54132-2},
	location = {Noordwijk, The Netherlands},
	pages = {44--62},
	numpages = {19},
	url = {http://dl.acm.org/citation.cfm?id=111828.111831},
	acmid = {111831},
	publisher = {Springer-Verlag New York, Inc.},
	address = {New York, NY, USA},
} 